@software{derek_corcoran_barrios_2020_4016075,
  author       = {Derek Corcoran},
  title        = {{derek-corcoran-barrios/DownscalinPaleoMod: 
                   Downscale PaleoView}},
  month        = sep,
  year         = 2020,
  publisher    = {Zenodo},
  version      = {v1.0},
  doi          = {10.5281/zenodo.4016075},
  url          = {https://doi.org/10.5281/zenodo.4016075}
}

@article{fick2017worldclim,
  title={WorldClim 2: new 1-km spatial resolution climate surfaces for global land areas},
  author={Fick, Stephen E and Hijmans, Robert J},
  journal={International journal of climatology},
  volume={37},
  number={12},
  pages={4302--4315},
  year={2017},
  publisher={Wiley Online Library}
}

@article{fleming1998refining,
  title={Refining the eustatic sea-level curve since the Last Glacial Maximum using far-and intermediate-field sites},
  author={Fleming, Kevin and Johnston, Paul and Zwartz, Dan and Yokoyama, Yusuke and Lambeck, Kurt and Chappell, John},
  journal={Earth and Planetary Science Letters},
  volume={163},
  number={1-4},
  pages={327--342},
  year={1998},
  publisher={Elsevier}
}


@article{fordham2017paleoview,
  title={PaleoView: a tool for generating continuous climate projections spanning the last 21 000 years at regional and global scales},
  author={Fordham, Damien A and Saltr{\'e}, Fr{\'e}d{\'e}rik and Haythorne, Sean and Wigley, Tom ML and Otto-Bliesner, Bette L and Chan, Ka Ching and Brook, Barry W},
  journal={Ecography},
  volume={40},
  number={11},
  pages={1348--1358},
  year={2017},
  publisher={Wiley Online Library}
}

@Manual{Hijman_dismo,
    title = {dismo: Species Distribution Modeling},
    author = {Robert J. Hijmans and Steven Phillips and John Leathwick and Jane Elith},
    year = {2017},
    note = {R package version 1.1-4},
    url = {https://CRAN.R-project.org/package=dismo},
}

@article{hijmans2005very,
  title={Very high resolution interpolated climate surfaces for global land areas},
  author={Hijmans, Robert J and Cameron, Susan E and Parra, Juan L and Jones, Peter G and Jarvis, Andy},
  journal={International Journal of Climatology: A Journal of the Royal Meteorological Society},
  volume={25},
  number={15},
  pages={1965--1978},
  year={2005},
  publisher={Wiley Online Library}
}

@article{lindstedt1986home,
  title={Home range, time, and body size in mammals},
   author={Lindstedt, Stan L and Miller, Brian J and Buskirk, Steven W},
   journal={Ecology},
   volume={67},
   number={2},
   pages={413--418},
   year={1986},
   publisher={Wiley Online Library}
}

@article{milne2005modelling,
  title={Modelling Holocene relative sea-level observations from the Caribbean and South America},
  author={Milne, Glenn A and Long, Antony J and Bassett, Sophie E},
  journal={Quaternary Science Reviews},
  volume={24},
  number={10-11},
  pages={1183--1202},
  year={2005},
  publisher={Elsevier}
}

@article{schmatz2015gridded,
  title={Gridded climate data from 5 GCMs of the Last Glacial Maximum downscaled to 30 arc s for Europe},
  author={Schmatz, DR and Luterbacher, J and Zimmermann, NE and Pearman, PB},
  journal={Climate of the past Discussions},
  volume={11},
  number={3},
  pages={2585--2613},
  year={2015},
  publisher={Copernicus GmbH}
}


@article{traill2007minimum,
  title={Minimum viable population size: a meta-analysis of 30 years of published estimates},
  author={Traill, Lochran W and Bradshaw, Corey JA and Brook, Barry W},
  journal={Biological conservation},
  volume={139},
  number={1-2},
  pages={159--166},
  year={2007},
  publisher={Elsevier}
}

@article{weatherall2015new,
  title={A new digital bathymetric model of the world's oceans},
  author={Weatherall, Pauline and Marks, Karen M and Jakobsson, Martin and Schmitt, Thierry and Tani, Shin and Arndt, Jan Erik and Rovere, Marzia and Chayes, Dale and Ferrini, Vicki and Wigley, Rochelle},
  journal={Earth and Space Science},
  volume={2},
  number={8},
  pages={331--345},
  year={2015},
  publisher={Wiley Online Library}
}